% Encoding: windows-1252

@Book{Dennis2014,
  address   = {Rio de Janeiro},
  author    = {Alan Dennis and Barbara Haley Wixom and Roberta M. Roth},
  edition   = {5},
  publisher = {LTC},
  title     = {An{\'a}lise e Projeto de Sistemas},
  year      = {2014},
  owner     = {Prof. Ausberto S. Castro V.},
  timestamp = {23.08.2015},
}

@Book{Engholm2013,
  Title                    = {An{\'a}lise e Design Orientados a Objetos},
  Author                   = {H{\'e}lio {Engholm Jr.}},
  Publisher                = {Novatec},
  Year                     = {2013},

  Owner                    = {Prof. Ausberto S. Castro V.},
  Timestamp                = {23.08.2015}
}

@Book{Gane1983,
  Title                    = {An{\'a}lise Estruturada de Sistemas},
  Author                   = {Chris Gane and Trish Sarson},
  Publisher                = {Livros T{\'e}cnicos e Cient{\'\i}ficos Editora Ltda.},
  Year                     = {1983},

  Address                  = {Rio de Janeiro},

  Owner                    = {Prof. Ausberto S. Castro V.},
  Timestamp                = {23.08.2015}
}

@Book{Satzinger2012,
  address   = {Canad{\'a}},
  author    = {John W. Satzinger and Robert B. Jackson and Stephen D. Burd},
  edition   = {6},
  publisher = {Course Technology, CENGAGE Learning},
  title     = {Introduction to Systems Analysis and Design: An Agile, Iterative Approach},
  year      = {2012},
  owner     = {Prof. Ausberto S. Castro V.},
  timestamp = {23.08.2015},
}

@Book{Shelly2012,
  address   = {Canad{\'a}},
  author    = {Gary B. Shelly and Harry J. Rosenblat},
  edition   = {9},
  publisher = {Course Technology, CENGAGE Learning},
  title     = {Analysis and Design for Systems},
  year      = {2012},
  owner     = {Prof. Ausberto S. Castro V.},
  timestamp = {23.08.2015},
}

@Book{Sommerville2011,
  Title                    = {Engenharia de Software},
  Author                   = {Ian Sommerville},
  Publisher                = {Pearson Prentice Hall},
  Year                     = {2011},

  Address                  = {S{\~a}o Paulo},
  Edition                  = {9},

  Owner                    = {Prof. Ausberto S. Castro V.},
  Timestamp                = {23.08.2015}
}

@Book{Dennis2019,
  address      = {Hoboken, NJ},
  author       = {Alan Dennis and Barbara Wixom and Roberta M. Roth},
  edition      = {7},
  publisher    = {Wiley},
  title        = {Systems analysis and design},
  year         = {2019},
  isbn         = {9781119496489},
  month        = dec,
  creationdate = {2021-11-28T12:00:46},
  owner        = {Prof. Ausberto S. Castro Vera - UENF},
}

@Book{Tilley2019,
  address      = {{Boston, MA}},
  author       = {Tilley, Scott},
  edition      = {12},
  publisher    = {Cengage Learning},
  title        = {Systems Analysis and Design},
  year         = {2019},
  isbn         = {0357117816},
  month        = jul,
  creationdate = {2021-11-28T12:04:09},
  ean          = {9780357117811},
  owner        = {Prof. Ausberto S. Castro Vera - UENF},
  pagetotal    = {576},
  url          = {https://www.ebook.de/de/product/37037392/scott_tilley_systems_analysis_and_design.html},
}

@Book{Valacich2020,
  address      = {{Boston, MA}},
  author       = {Joseph Valacich and Joey George},
  edition      = {9},
  publisher    = {Pearson},
  title        = {Modern systems analysis and design},
  year         = {2020},
  isbn         = {9780135172759},
  creationdate = {2021-11-28T12:07:53},
  owner        = {Prof. Ausberto S. Castro Vera - UENF},
}

@Book{Kendall2020,
  address      = {Harlow, England},
  author       = {Kenneth E. Kendall and Julie E. Kendall},
  edition      = {10},
  publisher    = {Pearson Education Limited},
  title        = {Systems analysis and design},
  year         = {2020},
  isbn         = {9781292281452},
  creationdate = {2021-11-28T12:14:57},
  owner        = {Prof. Ausberto S. Castro Vera - UENF},
}

@Book{Budgen2021,
  address      = {Boca Raton, FL},
  author       = {Budgen, David},
  edition      = {3},
  publisher    = {Chapman and Hall CRC Press},
  title        = {Software Design : Creating Solutions for Ill-Structured Problems},
  year         = {2021},
  isbn         = {9780367676568},
  creationdate = {2021-11-28T12:18:53},
  owner        = {Prof. Ausberto S. Castro Vera - UENF},
}

@Comment{jabref-meta: databaseType:bibtex;}
